%%%%%%%%%%%%%%%%%%%%%%%%%%%%%%%%%%%%%%%%%%EXAMPLE%%%%%%%%%%%%%%%%%%%%%%%%%%%%%%%%%%%%%%%%%%%%%%%%%%%%%%
@article{posters,
author = {{A. Wearn et al.}},
year = {2015},
month = {02},
title = {Evaluation of the effect of hand hygiene reminder signs on the use of antimicrobial hand gel in a clinical skills center},
volume = {8},
journal = {Journal of Infection and Public Health},
doi = {10.1016/j.jiph.2014.12.002}
}

@inproceedings{abadi2016tensorflow,
  title={{TensorFlow: a system for large-scale machine learning}},
  author={Abadi, Mart{\'\i}n and Barham, Paul and Chen, Jianmin and Chen, Zhifeng and Davis, Andy and Dean, Jeffrey and Devin, Matthieu and Ghemawat, Sanjay and Irving, Geoffrey and Isard, Michael and others},
  booktitle={OSDI},
  volume={16},
  pages={265--283},
  year={2016}
}

@misc{p2os_urdf,
  title={p2os-purdue},
  author={Hunter Allen},
  howpublished = {\url{https://github.com/allenh1/p2os}},
  note={accessed: 27/10/19}
}

@book{book,
  author    = {Peter Babington}, 
  title     = {The title of the work},
  publisher = {The name of the publisher},
  year      = 1993,
  volume    = 4,
  series    = 10,
  address   = {The address},
  edition   = 3,
  month     = 7,
  note      = {An optional note},
  isbn      = {3257227892}
}

%%%%%%%%%%%%%%%%%%%%%%%%%%%%%%%%%%%%%%%%%%%%%%%%%%%%%%%%%%%%%%%%%%%%%%%%%%%%%%%%%%%%%%%%%%%%%%%%%%%%%%

@misc{hse_risk,
  title = {HSE Risk Assessment},
  author = {{HSE}},
  howpublished = {\url{https://www.hse.gov.uk/simple-health-safety/risk/}},
  note={accessed: 15/01/20}
}

@article{julia_intro,
author = {{Jeff Bezanson, Alan Edelman, Stefan Karpinski, Viral Shah}},
year = {2015},
month = {12},
title = {Julia: A Fresh Approach to Numerical Computing},
journal = {sirev},
doi = {10.1137/141000671}
}

@misc{julia_meta,
  title = {Meta Programming Julia Docs},
  author = {{Julia Lang Docs}},
  howpublished = {\url{https://docs.julialang.org/en/v1/manual/metaprogramming/}},
  note={accessed: 20/11/19}
}

@article{julia_gpu,
author = {{Tim Besard , Christophe Foket, Bjorn De Sutter}},
year = {2019},
month = {4},
title = {Effective Extensible Programming: Unleashing Julia on GPUs},
journal = {IEEE Transactions on Parallel and Distributed Systems},
doi = {10.1109/TPDS.2018.2872064}
}

@article{gpu_acc,
author = {{G. Pratx and L. Xing}},
year = {2011},
month = {4},
title = {GPU computing in medical physics: A review},
journal = {Medical Physics},
doi = {10.1118/1.3578605}
}

@article{julia_dist_plat,
author = {{Tim Besard , Valentin Churavy , Alan Edelman , Bjorn De Sutter}},
year = {2019},
month = {2},
title = {Rapid software prototyping for heterogeneous and distributed platforms},
journal = {Elsevier: Advances in Software Engineering},
doi = {10.1016/j.advengsoft.2019.02.002}
}

@article{hls_intro,
author = {{Philippe Coussy, Michael Meredith, Daniel Gajski, Andres Takach}},
year = {2009},
month = {6},
title = {An Introduction to High-Level Synthesis},
journal = {IEEE Design \& Test of Computers},
doi = {10.1109/MDT.2009.69}
}

@article{legup_intro,
author = {Canis, Andrew and Choi, Jongsok and Aldham, Mark and Zhang, Victor and Kammoona, Ahmed and Czajkowski, Tomasz and Brown, Stephen and Anderson, Jason},
year = {2013},
month = {09},
pages = {},
title = {LegUp: An Open-Source High-Level Synthesis Tool for FPGA-Based Processor/Accelerator Systems},
volume = {13},
journal = {ACM Transactions on Embedded Computing Systems (TECS)},
doi = {10.1145/2514740}
}

@inproceedings{nymble_intro,
author = {Huthmann, Jens and Liebig, Bjorn and Oppermann, Julian and Koch, Andreas},
booktitle = {ReCoSoC 2013},
year = {2013},
month = {07},
pages = {1-8},
title = {Hardware/software co-compilation with the Nymble system},
isbn = {978-1-4673-6180-4},
journal = {2013 8th International Workshop on Reconfigurable and Communication-Centric Systems-on-Chip, ReCoSoC 2013},
doi = {10.1109/ReCoSoC.2013.6581538}
}

@inproceedings{hatschet,
author = {Sittel, Patrick and Oppermann, Julian and Kumm, Martin and Koch, Andreas and Zipf, P.},
year = {2018},
month = {08},
pages = {},
title = {HatScheT: A Contribution to Agile HLS}
}

@inproceedings{modulosdc,
author={A. {Canis} and S. D. {Brown} and J. H. {Anderson}},
booktitle={2014 24th International Conference on Field Programmable Logic and Applications (FPL)},
title={Modulo SDC scheduling with recurrence minimization in high-level synthesis},
year={2014},
volume={},
number={},
pages={1-8},
doi={10.1109/FPL.2014.6927490},
ISSN={1946-1488},
month={Sep.},}

@article{optim_pkg,
author = {Miles Lubin and Iain Dunning},
title = {Computing in Operations Research Using Julia},
journal = {INFORMS Journal on Computing},
volume = {27},
number = {2},
pages = {238-248},
year = {2015},
doi = {10.1287/ijoc.2014.0623},
URL = {http://dx.doi.org/10.1287/ijoc.2014.0623}
}

@misc{julia_compiler_dia,
  title = {Julia Compile Loop},
  author = {{Peter Cheng}},
  howpublished = {\url{https://slides.com/peter-cheng/cassettejl#/2/2}},
  note={accessed: 20/11/19}
}

@misc{julia_irtools,
  title = {IRTools Repository},
  author = {{Mike Innes}},
  howpublished = {\url{https://github.com/MikeInnes/IRTools.jl}},
  note={accessed: 02/12/19}
}

@misc{julia_irtools_utils,
  title = {IRTools Evaluation Utility Functions},
  author = {{Mike Innes}},
  howpublished = {\url{https://github.com/MikeInnes/IRTools.jl/blob/master/src/reflection/utils.jl}},
  note={accessed: 12/12/19}
}

@misc{julia_lightgrph,
  title = {Julia LightGraphs Package},
  author = {{Seth Bromberger}},
  howpublished = {\url{https://github.com/JuliaGraphs/LightGraphs.jl}},
  note={accessed: 01/12/19}
}

@misc{julia_metagrph,
  title = {Julia MetaGraphs Package},
  author = {{Seth Bromberger}},
  howpublished = {\url{https://github.com/JuliaGraphs/MetaGraphs.jl}},
  note={accessed: 03/12/19}
}

@INPROCEEDINGS{protoip, 
author={B. Khusainov and E. C. Kerrigan and A. Suardi and  G. A. Constantinides}, 
booktitle={IFAC World Congress 2017}, 
title={Nonlinear predictive control on a heterogeneous computing platform}, 
year={2017}, 
month={July},}

@misc{yosys,
  title = {Yosys Open Synthesis Suite},
  author = {{YosysHQ}},
  howpublished = {\url{https://github.com/YosysHQ/yosys}},
  note={accessed: 04/01/20}
}

@article{ASTImpl2003,
  added-at = {2009-07-16T11:15:30.000+0200},
  author = {Jones, Joel},
  biburl = {https://www.bibsonomy.org/bibtex/2a86095c92a9801ab24d2196d334abe46/gwpl},
  institution = {Department of Computer Science at University of Alabama},
  interhash = {8354ebeb83ea5fb769e016686e0e79aa},
  intrahash = {a86095c92a9801ab24d2196d334abe46},
  journal = {Pattern Languages of Program Design},
  keywords = {mgr todo_tags},
  note = {Proceedings of the 10th Conference on Pattern Languages of Programs (PLoP2003)
http://hillside.net/plop/plop2003/papers.html},
  timestamp = {2009-07-16T11:15:30.000+0200},
  title = {Abstract Syntax Tree Implementation Idioms
},
  url = {http://hillside.net/plop/plop2003/Papers/Jones-ImplementingASTs.pdf},
  year = 2003
}

@article{article,
author = {Cheng, Shaoyi and Wawrzynek, John},
year = {2016},
month = {06},
pages = {},
title = {High Level Synthesis with a Dataflow Architectural Template}
}

@inproceedings{python_hls,
author = {Radosław Cieszewski and Krzysztof Pozniak and Ryszard Romaniuk},
title = {{Python based high-level synthesis compiler}},
volume = {9290},
booktitle = {Photonics Applications in Astronomy, Communications, Industry, and High-Energy Physics Experiments 2014},
editor = {Ryszard S. Romaniuk},
organization = {International Society for Optics and Photonics},
publisher = {SPIE},
pages = {981 -- 988},
keywords = {FPGA, Algorithmic Synthesis, High-Level Synthesis,  Behavioral Synthesis, Electronic System Level Synthesis, Hot Plasma Physics Experiment, Python, Compiler},
year = {2014},
doi = {10.1117/12.2075988},
URL = {https://doi.org/10.1117/12.2075988}
}

@inproceedings{dynamatics_p,
  title={{Dynamically Scheduled High-level Synthesis}},
  author={Lana Josipović, Radhika Ghosal, Paolo Ienne},
  booktitle={FPGA '18},
  pages={127--136},
  year={2018}
}

@misc{dyn_lib,
  title = {dynamatic Library},
  author = {{Lana Josipović}},
  howpublished = {\url{https://github.com/lana555/dynamatic}},
  note={accessed: 04/02/20}
}

@misc{ci_doc,
  title = {Julia Development Documents},
  author = {{Jeff Bezanson et al.}},
  howpublished = {\url{https://github.com/JuliaLang/julia/blob/master/doc/src/devdocs/ast.md}},
  note={accessed: 12/01/20}
}

@misc{dtv,
  title = {dynamatic Library Dot2VHDL},
  author = {{Lana Josipović}},
  howpublished = {\url{https://github.com/lana555/dynamatic/tree/master/dot2vhdl}},
  note={accessed: 14/02/20}
}

@ARTICLE{petri,  author={T. {Murata}},  journal={Proceedings of the IEEE},   title={Petri nets: Properties, analysis and applications},   year={1989},  volume={77},  number={4},  pages={541-580},note={accessed: 16/03/20}}


@book{eng_compiler,
  author    = {L. Torczon and K. Cooper}, 
  title     = {Engineering a Compiler},
  publisher = {Morgan Kaufmann},
  year      = 2012,
  edition   = 2,
  month     = 7,
  isbn      = {978-0-12-088478-0}
}

@misc{liveness,
  title = {Introduction to Data Flow Analysis},
  author = {{M. Lam}},
  howpublished = {\url{https://suif.stanford.edu/~courses/cs243/lectures/l2.pdf}},
  note={accessed: 5/03/20}
}

@misc{graphviz,
  title = {Graphviz},
  author = {{John Ellson}},
  howpublished = {\url{http://www.webgraphviz.com/}},
  note={accessed: 5/05/20}
}

@inproceedings{elastic_cgra,
author = {Huang, Yuanjie and Ienne, Paolo and Temam, Olivier and Chen, Yunji and Wu, Chengyong},
title = {Elastic CGRAs},
year = {2013},
isbn = {9781450318877},
publisher = {Association for Computing Machinery},
address = {New York, NY, USA},
url = {https://doi.org/10.1145/2435264.2435296},
doi = {10.1145/2435264.2435296},
booktitle = {Proceedings of the ACM/SIGDA International Symposium on Field Programmable Gate Arrays},
pages = {171–180},
numpages = {10},
keywords = {CGRA, dataflow, elastic circuit, reconfigurable computing},
location = {Monterey, California, USA},
series = {FPGA ’13}
}
  
@inproceedings{elastic_sync,
author = {Cortadella, Jordi and Kishinevsky, Mike and Grundmann, Bill},
title = {Synthesis of Synchronous Elastic Architectures},
year = {2006},
isbn = {1595933816},
publisher = {Association for Computing Machinery},
address = {New York, NY, USA},
url = {https://doi.org/10.1145/1146909.1147077},
doi = {10.1145/1146909.1147077},
booktitle = {Proceedings of the 43rd Annual Design Automation Conference},
pages = {657–662},
numpages = {6},
keywords = {latency-tolerance, protocols, latency-insensitive design, synthesis},
location = {San Francisco, CA, USA},
series = {DAC ’06}
}
  
@article{lsq,
author = {Josipovic, Lana and Brisk, Philip and Ienne, Paolo},
title = {An Out-of-Order Load-Store Queue for Spatial Computing},
year = {2017},
issue_date = {October 2017},
publisher = {Association for Computing Machinery},
address = {New York, NY, USA},
volume = {16},
number = {5s},
issn = {1539-9087},
url = {https://doi.org/10.1145/3126525},
doi = {10.1145/3126525},
journal = {ACM Trans. Embed. Comput. Syst.},
month = sep,
articleno = {125},
numpages = {19},
keywords = {dynamic scheduling, Load-store queue, spatial computing, allocation}
}

@misc{viv_prod,
  title = {Vivado Design Suite},
  author = {{Xilinx}},
  howpublished = {\url{https://www.xilinx.com/products/design-tools/vivado.html}},
  note={accessed: 01/06/20}
}

@misc{viv_guide,
  title = {Vivado Design Suite User Guide: Synthesis},
  author = {{Xilinx}},
  howpublished = {\url{https://www.xilinx.com/support/documentation/sw_manuals/xilinx2018_1/ug901-vivado-synthesis.pdf}},
  note={accessed: 01/06/20}
}

@misc{viv_hls,
  title = {Vivado Vivado High-Level Synthesis},
  author = {{Xilinx}},
  howpublished = {\url{https://www.xilinx.com/products/design-tools/vivado/integration/esl-design.html}},
  note={accessed: 05/06/20}
}